<record><leader>00000cas a22000007a 4500</leader><controlfield tag="001">15868622</controlfield><controlfield tag="008">870609d18901975iauwr ne      0    0eng d</controlfield><datafield ind1=" " ind2=" " tag="010"><subfield code="a">sn 87057160 </subfield></datafield><datafield ind1=" " ind2=" " tag="040"><subfield code="a">INP</subfield><subfield code="b">eng</subfield><subfield code="c">INP</subfield><subfield code="d">OCL</subfield><subfield code="d">INP</subfield><subfield code="d">OCLCQ</subfield></datafield><datafield ind1=" " ind2=" " tag="042"><subfield code="a">msc</subfield></datafield><datafield ind1="0" ind2="4" tag="245"><subfield code="a">The Altoona herald.</subfield></datafield><datafield ind1=" " ind2=" " tag="260"><subfield code="a">Altoona, Iowa :</subfield><subfield code="b">E.H. English,</subfield><subfield code="c">1890-1975.</subfield></datafield><datafield ind1=" " ind2=" " tag="300"><subfield code="a">86 v.</subfield></datafield><datafield ind1=" " ind2=" " tag="310"><subfield code="a">Weekly</subfield></datafield><datafield ind1="0" ind2=" " tag="362"><subfield code="a">Vol. 3, no. 14 (Apr. 12, 1890) ; vol. 1, no. 2 (Apr. 19, 1890)-v. 86, no. 26 (Jan. 2, 1975).</subfield></datafield><datafield ind1=" " ind2=" " tag="500"><subfield code="a">Publisher varies.</subfield></datafield><datafield ind1=" " ind2=" " tag="500"><subfield code="a">Includes section called: Bondurant journal, &lt;May 26, 1932&gt;.</subfield></datafield><datafield ind1=" " ind2=" " tag="752"><subfield code="a">United States</subfield><subfield code="b">Iowa</subfield><subfield code="c">Polk</subfield><subfield code="d">Altoona.</subfield></datafield><datafield ind1=" " ind2=" " tag="752"><subfield code="a">United States</subfield><subfield code="b">Iowa</subfield><subfield code="c">Polk</subfield><subfield code="d">Bondurant.</subfield></datafield><datafield ind1="0" ind2="0" tag="780"><subfield code="t">Altoona rustler</subfield><subfield code="w">(DLC)sn 87057179</subfield></datafield><datafield ind1="0" ind2="5" tag="780"><subfield code="t">Bondurant journal</subfield></datafield><datafield ind1="0" ind2="7" tag="785"><subfield code="t">Mitchellville index</subfield><subfield code="w">(DLC)sn 87057159</subfield></datafield><datafield ind1="0" ind2="7" tag="785"><subfield code="t">Altoona herald-Mitchellville index</subfield><subfield code="w">(DLC)sn 87057158</subfield></datafield><datafield ind1="1" ind2=" " tag="787"><subfield code="t">Bondurant journal</subfield></datafield></record>